1198 2038
183 23 969 65 jugement en main; J'exercerai ma ven¬

186 64 921 80 geance contre mes ennemis, et je châtirai

20 120 1099 73 42 ceux qui me haissent. + 25 J'enyvrerai de

190 180 940 86 sang mes fléches, et mon épée sera rassasiée

186 239 964 83 de chair 26 à cause au sang de ceux, qui au¬

190 300 917 82 ront été tüés, et des captifs auxquels 27 on

18 360 1132 95 43 aura rasé la tête comme ennemis. + Nations

186 431 947 81 loués le peuple du Seigneur, parce qu'il van¬

188 490 964 89 gera le sang de ses serviteurs; et que tirant

197 558 933 78 vengeance de leurs ennemis; il se reconcili¬

27 614 1084 89 44 era avec le pais de son peuple. + Moyse

192 682 936 85 donc accompagné de Josüé fils de Nun pro¬

186 738 937 99 nonça toutes les paroles de ce cantique de¬

33 803 1066 97 45 vant le peuple, qui étcoutoit. + Et aprés

192 866 915 98 qu'il eut achevé de les reciter à tous les

23 923 1073 104 46 Israëlites, + il leur dit: faites attention à

183 996 936 90 tout ce que je vous rapporté aujourdhui, afin

188 1052 943 102 d'ordonner à vos enfans d'observer, de fai¬

193 1117 931 104 re et d'accomplir toutes les paroles de cette loy.

32 1182 1103 100 47 + Parce que ce n'est point en vain qu'on vous

186 1251 942 95 a donné ces commandemens; c'est afin qu'ils

197 1316 892 88 vous fassent vivre, et que les mettant en

188 1377 914 86 pratique vous viviés longtêms dans le pais où

203 1441 904 95 vous allés entrer pour le posseder aprés avoir

186 1518 913 68 V. XLI 24 C. qui est reluisante, comme un eclair. autr

152 1559 945 84 qui perce tout. La particule comme n'est point dans

151 1610 820 66 l'Ebreu, mais on la  doit quelquefois suppleer.

188 1655 902 65 V. XLII 25 Ce sont des expressions metaphoriques et

156 1696 787 77 poëtiques pour marquer un grand carnage.

300 1745 792 77 26. C. A cause du sang des Israëlites qui aura

151 1778 965 95 esté repandu, c'est le sens qu'on doit donner en cet en¬

166 1840 838 77 endroit à la particule de qui est dans nôtre vulg.

293 1878 814 115 27 C'est la coûtumé de raser la tête des esclaves.
